@misc{hutchinson_gilani_2021_wehoop,
  author = {Saiem Gilani and Geoff Hutchinson},
  title = {wehoop: The SportsDataverse's R Package for Women's Basketball Data.},
  url = {https://wehoop.sportsdataverse.org},
  year = {2021}
}

@article{bachman_higgins_2021_ncaaw,
  author = {Rachel Bachman and Laine Higgins},
  title	= {NCAA Undervalued Women's Basketball Tournament by Millions While Prioritizing Men's Tourney, Report Finds},
  Url = {https://www.wsj.com/articles/ncaa-undervalued-womens-basketball-tournament-11628018560},
  year = {2021}
}

@misc{gilani_2021_hoopR,
  author = {Gilani, Saiem},
  title = {hoopR: The SportsDataverse's R Package for Men's Basketball Data.},
  url = {https://hoopR.sportsdataverse.org},
  year = {2021}
}

@article{brooks_2022_ncaaw,
  author = {Amanda Brooks},
  title = {2022 NCAA Division I Women’s Basketball Championship is Most-Watched Season Finale in Nearly Two Decades – 4.85 Million Viewers on ESPN Networks},
  url = {https://espnpressroom.com/us/press-releases/2022/04/2022-ncaa-division-i-womens-basketball-championship-is-most-watched-season-finale-in-nearly-two-decades-4-85-million-viewers-on-espn-networks/},
  year = {2022}
}

@article{dietz_bracket_2006,
  author = {Brian Dietz},
  title = {Ten Questions for Joe Lunardi},
  url = {https://www.news-gazette.com/sports/illini-sports/ten-questions-for-joe-lunardi/article_30ece418-4b7f-57cd-9fad-9188d1dee758.html},
  year = {2006}
}

@techreport{ncaa_mbb_procedures,
  author = {NCAA},
  title = {2021-22 NCAA Division I Men's Basketball Championship
Principles and Procedures for Establishing the Bracket},
  url = {https://www.ncaa.com/_flysystem/public-s3/images/2022/02/13/2021-22\%20Principles\%20and\%20Procedures.pdf},
  year = {2022}
}

@techreport{ncaa_wbb_procedures,
  author = {NCAA},
  title = {2021-22 NCAA Division I Women's Basketball Championship
Principles and Procedures for Establishing the Bracket},
  url = {https://ncaaorg.s3.amazonaws.com/championships/sports/basketball/d1/women/D1WBB_BracketPrinciplesandProcedures.pdf},
  year = {2022}
}