@misc{hutchinson_gilani_2021_wehoop,
  author = {Saiem Gilani and Geoff Hutchinson},
  title = {wehoop: The SportsDataverse's R Package for Women's Basketball Data.},
  url = {https://wehoop.sportsdataverse.org},
  year = {2021}
}

@article{bachman_higgins_2021_ncaaw,
  author = {Rachel Bachman and Laine Higgins},
  title	= {NCAA Undervalued Women's Basketball Tournament by Millions While Prioritizing Men's Tourney, Report Finds},
  Url = {https://www.wsj.com/articles/ncaa-undervalued-womens-basketball-tournament-11628018560},
  year = {2021}
}

@misc{gilani_2021_hoopR,
  author = {Gilani, Saiem},
  title = {hoopR: The SportsDataverse's R Package for Men's Basketball Data.},
  url = {https://hoopR.sportsdataverse.org},
  year = {2021}
}